{"type": "T", "time_stamp": "20170828084048", "tx_id": "T20170828084048", "pub_key": "245bc9927985cb0c31577542d64aca3fd8e99d870b57197bc7461741d3366d0b3b92f27158d0aecf810a86881dbfdb9f445028d61675a610af00d8a59bd84d7e", "recv_addr": "203.234.223.191", "message": "sadfadsf", "signature": "04f77700c3ef807de2335974a40906221fdedd0faee202856f74f5bc7920fcb6bee4f8a90f4fe0423e011f4a48658e439515d5ea4481066718dbd7fed218a132"}
{"type": "T", "time_stamp": "20170828091444", "tx_id": "T20170828091444", "pub_key": "cf2c5756494b25314c6e21b2d46f1638771abfa45d5032843f8e5467c4cc97150acd3e83458b8a61dfa68086004e92bb8925a0960d4084c5929108f6dfa2f7ef", "recv_addr": "127.0.0.1", "message": "sadfadsf", "signature": "1fd795669bb1c9d0907557ea76ac56c42738c6f6ead94a81ca2381516425acc00b9493781f0e8a53220532a1f28e8663736aa52ebd796fa7766c7ff249201546"}
{"type": "T", "time_stamp": "20170828091545", "tx_id": "T20170828091545", "pub_key": "c98261342674d91cd39ae77053f7604ee1070887b0e87c0e0cd30441073acd8557872f88a4182f6d73693e7b153c4355579f65ce9e8ea33055a7eaeaa8a1ebfe", "recv_addr": "127.0.0.1", "message": "sadfadsf", "signature": "31dce7d9cacc661b93a63f1f17e92619129cc776e653d4bc57620d7f35c0b7bcd6eb908455db05b0f3ce67b184fff1c7f23ea4614f2dc52d61cd2c794aefb18f"}
{"type": "T", "time_stamp": "20170828091707", "tx_id": "T20170828091707", "pub_key": "f7326922e1d1037b6aa63c3f616f22d4fd41806ea989c6ed652cae0717a9af210252124b25ccf96db560bacc8238eebd311ab869e2296bc9dcf8fa7557855e7d", "recv_addr": "127.0.0.1", "message": "sadfadsf", "signature": "4a4b91b9a9fc0fd9dca699b2baab8db0eae450cc6bc1a3ed52fbe5bff0dce79760e7cff7ffba35ba1d05384a4cd112dd41b58ae868a92dc5582e7148b05ce1e5"}
{"type": "T", "time_stamp": "20170828092510", "tx_id": "T20170828092510", "pub_key": "5bcc68b6f79b1891047c5a9a24ca1263019bfe777420d16da9781575de39653f838f3ae7406a4c8905035d159a8b8874dc8d0343dafb6c35d3d2b4f68cc3f737", "recv_addr": "127.0.0.1", "message": "sadfadsf", "signature": "fce3285d8f1a57763d41fd1e2a3169308072227b6ccb0a111cf3b64bd66befe6e58359ef7723616f9dfdfc160286d6493a7f53079e50bc867d13966c3daca24d"}
{"type": "T", "time_stamp": "20170828092544", "tx_id": "T20170828092544", "pub_key": "7ec41ab0dd173301f0b18054a684fcf402f4acd45a5ce6b38fbcb958342c06b31105c18abfce1c371e69ad1360a19489fe968af9c7ed014320553cee2e73beef", "recv_addr": "127.0.0.1", "message": "sadfadsf", "signature": "5b8053dece7cd2ffccda8fc5d00a96c85ee611b83479127a47f842ee44af4e6186f3e0fe39cb8c38f27e288419f30e7695d0517a514b831636918d75a84e43db"}
{"type": "T", "time_stamp": "20170828092929", "tx_id": "T20170828092929", "pub_key": "95ce111489fa23f212b8db28f0fb6c5b61398ff5099eb055bb53e1106a3085c861207fdeb1bfae19a58a2f849c3417bd194666916d9418251eadb4799eb2a059", "recv_addr": "192.168.0.23", "message": "sadfadsf", "signature": "34a80f5ca92917cfac4a4345a4b2c698570e60bf447364b7e6a43a23dd8c7133a8207b0a13f098d3930d6ead54ee91e5f657ae63e28de498409516fcd8992390"}
{"type": "T", "time_stamp": "20170828093042", "tx_id": "T20170828093042", "pub_key": "415c615070d5ae34b98cc136d61d41f8a7210adfb0b7ca1af741f1f208b92d4d0a91a3dfac38e287f471081317220eda4a3fdbb69984a2e17cd3b9b2e090faab", "recv_addr": "192.168.0.23", "message": "sadfadsf", "signature": "0771b9ff13e0884893aaa3f343922a832004bfb926fd91d32da08406b55a4e9e5c264298ee6ddab04d1d7a0d210bc9af87368ba88b43757a038945a44dd6634a"}
{"type": "T", "time_stamp": "20170828093119", "tx_id": "T20170828093119", "pub_key": "60e2eefca098ebd9e13dc7a2501c61d0e186d0a1db4ae79a31d0a742f04e9d03a3ba75da1aec61e8eac4a744aa42561714ebad5e21e31e938ababa4c0e75934a", "recv_addr": "192.168.0.23", "message": "sadfadsf", "signature": "45d8bc7930cc80f7e802f98a94bb2d3a6af09cca42c37b72935360278edb3b89fd366f10cb86063c5a09ea8af32d0207f8ee1476bbbe2585047faca5cfff075b"}
{"type": "T", "time_stamp": "20170828093255", "tx_id": "T20170828093255", "pub_key": "cd7a43dd66cbd34e9cfbf19202dc89e666a9ce23a672d60ec4977e6880fd40387b0c7e40eeb9704be16c8fe4658e8994da44ffd1f8055c850b7a7494f0e5299d", "recv_addr": "192.168.0.23", "message": "sadfadsf", "signature": "1822a38f3a495eee43b97198ca0c346b6dff0cbab20e52d6138546e2e8551b08df0f030bfe8c708a812b2deed37645f74faa163672f0a430085c0782d24183b7"}
{"type": "T", "time_stamp": "20170828121954", "tx_id": "T20170828121954", "pub_key": "3f57c2819d64d455f70967d0604bea75d7c12c96ea25942d112b0d6f7ee4db158cd88db5ffb95b62c386a1398da3bff54281295292d3ac7f44035e6faf8fc93a", "recv_addr": "192.168.0.31", "message": "sadfadsf", "signature": "b0f2b8c0998f486c1d4df4dff07b9db7de1ed843f1e02e2a9635694013150ac9568a99a7f7b2dca25e29c91997206579f1f40d7ddfcba8aaee9a3ac8e8958ba3"}
